@book{holz.etal.2025,
    author = "Heiko Holz and Kaan Sahin and Benedikt Beuttler",
    title = "Vorlage für eine Bachelor-/Masterarbeit Informatik an der Pädagogischen Hochschule Ludwigsburg",
    url = "https://www.overleaf.com/read/jprwgkfhrppb#9d5720",
    year = 2025
}
@software{zotero,
  author       = {{Roy Rosenzweig Center for History and New Media}},
  title        = {Zotero},
  year         = {2025},
  url          = {https://www.zotero.org/},
  version      = {7.0}
}
@software{overleaf,
  author       = {{Overleaf}},
  title        = {Overleaf: Online LaTeX Editor},
  year         = {2025},
  url          = {https://www.overleaf.com/}
}
@misc{vscode,
  author       = {{Microsoft Corporation}},
  title        = {Visual Studio Code},
  year         = {2025},
  howpublished = {\url{https://code.visualstudio.com/}},
  note         = {Accessed: 2025-10-29}
}
@MISC {heikoholz2024,
    author       = "Heiko Holz",
    title        = "Hinweise zum Erstellen von Bachelor-/Masterarbeiten im Institut für Informatik der Pädagogischen Hochschule Ludwigsburg",
    howpublished = "\url{https://www.ph-ludwigsburg.de/fakultaet-2/institut-fuer-informatik/personen/heiko-holz}, Downloadlink im Abschnitt \qq{Hilfestellungen}",
    month        = jul,
    year         = "2024",
    note         = "Abgerufen 2024-06-13"
}

@MISC {alexandrakirsch2016,
    author       = "Alexandra Kirsch",
    title        = "Hinweise zum Erstellen von Bachelor-/Masterarbeiten im Arbeitsbereich Mensch-Computer-Interaktion und Künstliche Intelligenz",
    howpublished = "\url{http://www.wsi.uni-tuebingen.de/lehrstuehle/human-computer-interaction/home/lehre/information.html}, Downloadlink im Abschnitt \qq{Hilfestellungen}",
    month        = jul,
    year         = "2016",
    note         = "Abgerufen 2016-07-14"
}
@BOOK {nielsen1994usability,
    author    = "Jakob Nielsen",
    title     = "Usability Engineering",
    publisher = "Elsevier Science",
    year      = "1994",
    series    = "Interactive Technologies",
    isbn      = "9780080520292",
    url       = "https://books.google.de/books?id=DBOowF7LqIQC"
}
@MISC {booktabs,
    author       = "Simon Fear",
    title        = "Anfertigen von hochwertigen Tabellen mit \LaTeX",
    howpublished = "\url{http://mirrors.ctan.org/macros/latex/contrib/booktabs-de/booktabs-de.pdf}",
    month        = mar,
    year         = "2011",
    note         = "Abgerufen 2016-07-05"
}
@MISC {pgfmanual,
    author       = "Till Tantau",
    title        = "The TikZ and PGF Packages -- Manual for version 3.0.1a",
    howpublished = "\url{http://mirrors.ctan.org/graphics/pgf/base/doc/pgfmanual.pdf}",
    month        = aug,
    year         = "2015",
    note         = "Abgerufen 2016-07-05"
}
@MISC {BibTexOnlineEditor,
    author       = "Peder Lång Skeidsvoll",
    title        = "BibTex Online Editor",
    howpublished = "\url{http://truben.no/latex/bibtex/}",
    year         = "2016",
    note         = "Abgerufen 2016-07-04. Achtung, manuelle Anpassung erforderlich: Die Monatskürzel dürfen nicht in Anführungszeichen oder geschweifte Klammern eingeschlossen werden."
}
@MISC {texstudio,
    author       = "van der Zander, Benito",
    title        = "TeXstudio",
    howpublished = "\url{http://www.texstudio.org/}",
    year         = "2016",
    note         = "Abgerufen 2016-07-04"
}
@MISC {thorstennagel2015,
    author       = "Thorsten Nagel",
    title        = "Kurs-Skript \qq{Einführung in \LaTeX}",
    howpublished = "\url{http://www.nagel-net.de/Latex/DOKU/Latexkurs_Skript.pdf}",
    month        = dec,
    year         = "2015",
    note         = "Abgerufen 2016-07-30"
}